% This file was created with JabRef 2.10.
% Encoding: Cp1252

@Standard{ipv4sta, 
  Title                    = {Internet Prototocol},
  Institution              = {Defense Advanced Research Projects Agency},
  Organization             = {Departament of Defense},
  Url                      = {http://tools.ietf.org/html/rfc791},
  Year                     = {1981},
  
  Owner                    = {JSidrach},
  Timestamp                = {2015.04.01}
}

@electronic{bib:introduccion:smartphone,
  title		  	= "Global smartphone penetration 2014",
  url        	= "https://ondeviceresearch.com/blog/global-smartphone-penetration-2014"
}

@electronic{bib:introduccion:sriov,
  title		  	= "{PCIe SR-IOV official specifications}",
  url        	= "https://www.pcisig.com/specifications/iov/single_root/"
}
